@book{kistyakovskii,
  title={Социальные науки и право},
  author={Кистяковский, Богдан Александрович},
  year={2014},
  publisher={Directmedia}
}

@book{landau,
  title={Теоретическая физика},
  author={Ландау, Лев Давидович и Лифшиц, Евгений Михайлович},
  year={1958},
  publisher={Рипол Классик}
}


